@inbook{
    Levenshtein,
	author="Левенштейн, В. И.",
	title="Двоичные коды с исправлением выпадений, вставок и замещений символов",
	publisher="-- М.: Доклады АН СССР",
	volume=163,
	chapter=4,
	pages="845--848",
	language="russian",
	year=1965
}

@misc{cpp,
	title="Язык программирования С++ [Электронный ресурс]",
	howpublished="Режим доступа: \url{https://isocpp.org/} (дата обращения: 20.11.2022)"
}

@misc{linux,
	title="Linux Mint 21 overview [Электронный ресурс]",
	howpublished="Режим доступа: \url{https://linuxmint.com} (дата обращения: 20.11.2022)"
}





